@unpublished{stay2016logic,
  title={Logic as a distributive law},
  author={Stay, Mike and Meredith, Lucius Gregory},
  note={preprint},
  eprint={1610.02247},
  year={2016}
}

@unpublished{Williams,
  title={Operation through Enrichment},
  author={Williams, Christian and Baez, John C.},
  note={work in progress},
  year={2018}
}

@article{hyland2007category,
  title={The category theoretic understanding of universal algebra: Lawvere theories and monads},
  author={Hyland, Martin and Power, John},
  journal={Electronic Notes in Theoretical Computer Science},
  volume={172},
  pages={437--458},
  year={2007},
  publisher={Elsevier}
}

@techreport{rosu2010overview,
  title={An overview of the K semantic framework},
  author={Rosu, Grigore},
  year={2010}
}


%% lmcs:4153
%% https://lmcs.episciences.org/4153
%%
@article{rosu2017matching,
  TITLE = {{Matching Logic}},
  AUTHOR = {Rosu, Grigore},
  URL = {https://lmcs.episciences.org/4153},
  DOI = {10.23638/LMCS-13(4:28)2017},
  JOURNAL = {{Logical Methods in Computer Science}},
  VOLUME = {{Volume 13, Issue 4}},
  YEAR = {2017},
  MONTH = Dec,
  KEYWORDS = {Computer Science - Logic in Computer Science ; D.2.4 ; D.3.1 ; F.3 ; F.4},
}

@inproceedings{stefuanescu2016semantics,
  title={Semantics-based program verifiers for all languages},
  author={Stef{\u{a}}nescu, Andrei and Park, Daejun and Yuwen, Shijiao and Li, Yilong and Ro{\c{s}}u, Grigore},
  booktitle={ACM SIGPLAN Notices},
  volume={51},
  number={10},
  pages={74--91},
  year={2016},
  organization={ACM}
}

@inproceedings{Seely,
  title={Modelling Computations: A 2-Categorical Framework},
  author={R. A. G. Seely},
  booktitle={LICS},
  year={1987}
}

@unpublished{kore,
  title={The semantics of K},
  author={Formal Systems Laboratory},
  organization={University of Illinois at Urbana-Champaign},
  note={work in progress},
  year={2018}
}
